@book{charles2013fundamentos,
  title={Fundamentos de Circuitos El√©ctricos .},
  author={Alexander, Charles K. and Sadiku, Matthew N.O.},
  year={2013},
  publisher={McGraw-Hill},
  language={spanish}
}
@book{voss1998crystalline,
  title={Crystalline silicon solar cells},
  author={Voss, B and Knobloch, T and Goetzberger, A},
  year={1998},
  publisher={Wiley Online Library}
}