@book{charles2013fundamentos,
  title={Fundamentos de Circuitos El√©ctricos .},
  author={Alexander, Charles K. and Sadiku, Matthew N.O.},
  year={2013},
  publisher={McGraw-Hill},
  language={spanish}
}